<?xml version="1.0" encoding="UTF-8"?><collection xmlns="http://www.loc.gov/MARC21/slim"><record><leader>00413nam--2200145-i-4500</leader><controlfield tag="001">000014624</controlfield><controlfield tag="002">20161230</controlfield><controlfield tag="005">20161230201030</controlfield><controlfield tag="008">060222s1000------------r-----000-0-eng-d</controlfield><datafield ind1=" " ind2=" " tag="080"><subfield code="a">061.62:621.039.5:001.891(440)</subfield></datafield><datafield ind1=" " ind2=" " tag="100"><subfield code="a">R.Veerasamy</subfield></datafield><datafield ind1=" " ind2=" " tag="245"><subfield code="a">Activity report of reactor engineering laboratory - 1981</subfield></datafield><datafield ind1=" " ind2=" " tag="260"><subfield code="a">Kalpakkam, Atomic Energy Commission, 1981 50 P. + 18 Figuri</subfield></datafield><datafield ind1=" " ind2=" " tag="490"><subfield code="a">56</subfield></datafield><datafield ind1=" " ind2=" " tag="852"><subfield code="a">63042</subfield></datafield></record></collection>